<record xmlns='http://www.loc.gov/MARC21/slim'><leader>01826nam a2200397   4500</leader><controlfield tag='001'>u64553</controlfield><controlfield tag='003'>SIRSI</controlfield><controlfield tag='008'>841219s1510    it            00010 latm </controlfield><controlfield tag='009'>871009871009</controlfield><datafield tag='010' ind1=' ' ind2=' '><subfield code='a'>   48039461 //r</subfield></datafield><datafield tag='035' ind1=' ' ind2=' '><subfield code='a'>(Sirsi) l48039461</subfield></datafield><datafield tag='035' ind1=' ' ind2=' '><subfield code='a'>RB(OCoLC)11511211</subfield></datafield><datafield tag='040' ind1=' ' ind2=' '><subfield code='a'>DLC</subfield><subfield code='c'>VA@</subfield><subfield code='d'>VA@</subfield></datafield><datafield tag='049' ind1=' ' ind2=' '><subfield code='a'>VA@%</subfield><subfield code='o'>TB</subfield></datafield><datafield tag='050' ind1=' ' ind2=' '><subfield code='a'>G87</subfield><subfield code='b'>.S88 1510</subfield></datafield><datafield tag='100' ind1='0' ind2=' '><subfield code='a'>Strabo.</subfield></datafield><datafield tag='245' ind1='1' ind2='0'><subfield code='a'>Strabo De situ orbis.</subfield></datafield><datafield tag='260' ind1=' ' ind2=' '><subfield code='a'>[Venetiis,</subfield><subfield code='c'>1510]</subfield></datafield><datafield tag='300' ind1=' ' ind2=' '><subfield code='a'>[16] p. l., CL numb. l.</subfield><subfield code='c'>30 cm.</subfield></datafield><datafield tag='500' ind1=' ' ind2=' '><subfield code='a'>Colophon: Strabonis Amasini Scriptores illustris geographiæ opus finit. Venetiis a Philippo pincio Mantuano impressum. Anno Dñi. MCCCCCX. die XIII. iulii ...</subfield></datafield><datafield tag='500' ind1=' ' ind2=' '><subfield code='a'>Signatures: [1]-[2]³, a-f⁶, s-z⁶, &amp;⁶ (signature [2]: 1st 4 leaves signed v-viii, last 4 leaves unsigned)</subfield></datafield><datafield tag='500' ind1=' ' ind2=' '><subfield code='a'>First 10 books translated by Guarinus Veronensis, the remainder by Gregorius Tifernas. Edited by Antonio Mancinelli.</subfield></datafield><datafield tag='500' ind1=' ' ind2=' '><subfield code='a'>&quot;Ad Paulum sucundū Ponti. maximū: Ioannis Andreæ Alerienis Episcopi epistola: In qua ineuhitur in Georgiū Trabezontiū&quot;: leaf ii-iii.</subfield></datafield><datafield tag='596' ind1=' ' ind2=' '><subfield code='a'>10</subfield></datafield><datafield tag='600' ind1='0' ind2='0'><subfield code='a'>George,</subfield><subfield code='c'>of Trebizond,</subfield><subfield code='d'>1396-1486.</subfield></datafield><datafield tag='600' ind1='0' ind2='0'><subfield code='a'>Paul</subfield><subfield code='b'>II,</subfield><subfield code='c'>Pope,</subfield><subfield code='d'>1417-1471.</subfield></datafield><datafield tag='650' ind1=' ' ind2='0'><subfield code='a'>Geography, Ancient.</subfield></datafield><datafield tag='700' ind1='1' ind2=' '><subfield code='a'>Mancinelli, Antonio,</subfield><subfield code='d'>1452-approximately 1505</subfield><subfield code='e'>ed.</subfield></datafield><datafield tag='700' ind1='0' ind2=' '><subfield code='a'>Guarino,</subfield><subfield code='c'>Veronese,</subfield><subfield code='d'>1374-1460</subfield><subfield code='e'>tr.</subfield></datafield><datafield tag='700' ind1='1' ind2=' '><subfield code='a'>Tifernas, Gregorio,</subfield><subfield code='d'>15th cent.,</subfield><subfield code='e'>tr.</subfield></datafield><datafield tag='700' ind1='1' ind2=' '><subfield code='a'>Bussi, Giovanni Andrea,</subfield><subfield code='d'>1417-1475.</subfield></datafield><datafield tag='940' ind1=' ' ind2=' '><subfield code='a'>Tracy W. McGregor Library.</subfield></datafield><datafield tag='999' ind1=' ' ind2=' '><subfield code='a'>A 1510 .S73</subfield><subfield code='w'>ALPHANUM</subfield><subfield code='c'>2</subfield><subfield code='i'>X004981014</subfield><subfield code='d'>9/14/1996</subfield><subfield code='l'>MCGR-VAULT</subfield><subfield code='m'>SPEC-COLL</subfield><subfield code='r'>Y</subfield><subfield code='s'>Y</subfield><subfield code='t'>RAREBOOK</subfield><subfield code='u'>9/14/1996</subfield></datafield><datafield tag='999' ind1=' ' ind2=' '><subfield code='a'>A 1510 .S73</subfield><subfield code='w'>ALPHANUM</subfield><subfield code='c'>1</subfield><subfield code='i'>X004981013</subfield><subfield code='d'>1/23/2008</subfield><subfield code='l'>MCGR-VAULT</subfield><subfield code='m'>SPEC-COLL</subfield><subfield code='q'>1</subfield><subfield code='r'>Y</subfield><subfield code='s'>Y</subfield><subfield code='t'>RAREBOOK</subfield><subfield code='u'>6/28/1996</subfield><subfield code='x'>H-NOTIS</subfield></datafield></record>